@article{raissi2019physics,
  title={Physics-informed neural networks: A deep learning framework for solving forward and inverse problems involving nonlinear partial differential equations},
  author={Raissi, Maziar and Perdikaris, Paris and Karniadakis, George E},
  journal={Journal of Computational Physics},
  volume={378},
  pages={686--707},
  year={2019},
  url={https://www.sciencedirect.com/science/article/pii/S0021999118307125},
  publisher={Elsevier}
}
@misc{raissi2017physicsI,
      title={Physics Informed Deep Learning (Part I): Data-driven Solutions of Nonlinear Partial Differential Equations}, 
      author={Maziar Raissi and Paris Perdikaris and George Em Karniadakis},
      year={2017},
      eprint={1711.10561},
      archivePrefix={arXiv},
      primaryClass={cs.AI},
      url={https://arxiv.org/abs/1711.10561}
}
@misc{raissi2017physicsII,
      title={Physics Informed Deep Learning (Part II): Data-driven Discovery of Nonlinear Partial Differential Equations}, 
      author={Maziar Raissi and Paris Perdikaris and George Em Karniadakis},
      year={2017},
      eprint={1711.10566},
      archivePrefix={arXiv},
      primaryClass={cs.AI},
      url={https://arxiv.org/abs/1711.10566}
}
